@article{Kaufman1979,
author = {Kaufman, Alexander A},
file = {:C$\backslash$:/Users/Devin/Documents/Research/Literature/General Papers/Kaufman1979HarmonicAndTransientResponse.pdf:pdf},
keywords = {electromagnetic, mining},
number = {7},
title = {{Harmonic and transient fields on the surface of a two-layer medium}},
volume = {44},
year = {1979}
}
@article{Nabighian1979,
author = {Nabighian, Misac N},
file = {:C$\backslash$:/Users/Devin/Documents/Research/Literature/General Papers/Nabighian1979CondHalfspace.pdf:pdf},
number = {October},
pages = {1700--1705},
title = {{No Title}},
volume = {44},
year = {1979}
}
@phdthesis{Pasion2007,
author = {Pasion, LR},
file = {:C$\backslash$:/Users/Devin/Documents/Research/Literature/UXO Thesis and Papers/Pasion2007PhD.pdf:pdf},
title = {{Inversion of time domain electromagnetic data for the detection of unexploded ordnance}},
url = {http://adsabs.harvard.edu/abs/2007PhDT.......129P},
year = {2007}
}
@article{Shubitidze2002,
author = {Shubitidze, Fridon and Member, Associate and Neill, Kevin O and Haider, Shah A and Sun, Keli and Paulsen, Keith D},
file = {:C$\backslash$:/Users/Devin/Documents/Research/Literature/UXO Thesis and Papers/Shubitidze2002AuxSources.pdf:pdf},
number = {4},
pages = {928--942},
title = {{Application of the Method of Auxiliary Sources to the Wide-Band Electromagnetic Induction Problem}},
volume = {40},
year = {2002}
}
@article{Shubitidze2005,
author = {Shubitidze, Fridon and Neill, Kevin O and Shamatava, Irma and Sun, Keli and Paulsen, Keith D},
file = {:C$\backslash$:/Users/Devin/Documents/Research/Literature/UXO Thesis and Papers/Shubitidze2003EMIresponseMetalObj.pdf:pdf},
number = {8},
pages = {1736--1750},
title = {{Fast and Accurate Calculation of Physically Complete EMI Response by a Heterogeneous Metallic Object}},
volume = {43},
year = {2005}
}
